@misc{digilent:nexys-a7-ref-manual,
  title        = {Nexys A7 Reference Manual},
  howpublished = {\url{https://reference.digilentinc.com/reference/programmable-logic/nexys-a7/reference-manual}},
  note         = {[Online; accessed 2020-12-15]},
}

@article{ieee:802.3,
  author  = {},
  journal = {IEEE Std 802.3-2018 (Revision of IEEE Std 802.3-2015)},
  title   = {IEEE Standard for Ethernet},
  year    = {2018},
  volume  = {},
  number  = {},
  pages   = {1-5600},
  doi     = {10.1109/IEEESTD.2018.8457469},
}

@article{ieee:bytewise_crc,
  author  = {A. {Perez}},
  journal = {IEEE Micro},
  title   = {Byte-Wise CRC Calculations},
  year    = {1983},
  volume  = {3},
  number  = {3},
  pages   = {40-50},
  doi     = {10.1109/MM.1983.291120},
}

@article{parallel_crc,
  author = {Evgeni Stavinov},
  title  = {A Practical Parallel CRC Generation Method},
  year   = {2010},
}

@misc{parallel_crc_generator,
  title        = {CRC Generator},
  howpublished = {\url{http://outputlogic.com/?page_id=321}},
  note         = {[Online; accessed 2020-12-22]},
}

@misc{rmii:spec,
  author       = {RMII Consortium},
  title        = {RMII Specification},
  year         = {1998},
  howpublished = {\url{http://ebook.pldworld.com/_eBook/-Telecommunications,Networks-/TCPIP/RMII/rmii_rev12.pdf}},
  note         = {[Online; accessed 2020-12-13]},
}

@misc{smsc:lan8720a,
  author       = {SMSC},
  title        = {LAN8720A/LAN8720Ai - Small Footprint RMII 10/100 Ethernet
Transceiver with HP Auto-MDIX Support},
  year         = {2012},
  howpublished = {\url{http://ww1.microchip.com/downloads/en/DeviceDoc/8720a.pdf}},
  note         = {[Online; accessed 2020-12-13]},
}

@misc{wikipedia.org:comp_crc,
  author       = {{Wikipedia contributors}},
  title        = {Computation of cyclic redundancy checks --- {Wikipedia}{,} The Free Encyclopedia},
  year         = {2020},
  howpublished = {\url{https://en.wikipedia.org/w/index.php?title=Computation_of_cyclic_redundancy_checks&oldid=990776552}},
  note         = {[Online; accessed 2020-12-08]},
}

@misc{wikipedia.org:crc,
  author       = {{Wikipedia contributors}},
  title        = {Cyclic redundancy check --- {Wikipedia}{,} The Free Encyclopedia},
  year         = {2020},
  howpublished = {\url{https://en.wikipedia.org/w/index.php?title=Cyclic_redundancy_check&oldid=991338850}},
  note         = {[Online; accessed 2020-12-08]},
}

@misc{wikipedia.org:ieee_802,
  author       = {{Wikipedia contributors}},
  title        = {IEEE 802 --- {Wikipedia}{,} The Free Encyclopedia},
  year         = {2020},
  howpublished = {\url{https://en.wikipedia.org/w/index.php?title=IEEE_802&oldid=994969751}},
  note         = {[Online; accessed 20-December-2020]},
}

@misc{wikipedia.org:ieee_802_3,
  author       = {{Wikipedia contributors}},
  title        = {IEEE 802.3 --- {Wikipedia}{,} The Free Encyclopedia},
  year         = {2020},
  howpublished = {\url{https://en.wikipedia.org/w/index.php?title=IEEE_802.3&oldid=971575523}},
  note         = {[Online; accessed 20-December-2020]},
}

@misc{wikipedia.org:math_crc,
  author       = {{Wikipedia contributors}},
  title        = {Mathematics of cyclic redundancy checks --- {Wikipedia}{,} The Free Encyclopedia},
  year         = {2020},
  howpublished = {\url{https://en.wikipedia.org/w/index.php?title=Mathematics_of_cyclic_redundancy_checks&oldid=990852745}},
  note         = {[Online; accessed 2020-12-08]},
}

@misc{xilinx:hls_bible,
  author       = {Xilinx},
  title        = {Vivado Design Suite User Guide - High-Level Synthesis},
  year         = {2020},
  howpublished = {\url{https://www.xilinx.com/support/documentation-navigation/see-all-versions.html?xlnxproducttypes=Design%20Tools&xlnxdocumentid=UG902}},
  note         = {[Online; accessed 2020-12-19]},
}

@misc{xilinx:hls_tutorial,
  author       = {Xilinx},
  title        = {Vivado Design Suite Tutorial - High-Level Synthesis},
  year         = {2020},
  howpublished = {\url{https://www.xilinx.com/support/documentation-navigation/see-all-versions.html?xlnxproducttypes=Design%20Tools&xlnxdocumentid=UG871}},
  note         = {[Online; accessed 2020-12-19]},
}

@misc{xilinx:online_docs,
  author       = {Xilinx},
  title        = {Vitis Unified Software Development Platform 2020.2 Documentation},
  year         = {2020},
  howpublished = {\url{https://www.xilinx.com/html_docs/xilinx2020_2/vitis_doc/gnq1597858079367.html}},
  note         = {[Online; accessed 2020-12-19]},
}

  @misc{zlib.net:crc,
  author       = {{Ross N. Williams}},
  title        = {A painless guide to crc error detection algorithms},
  year         = {1993},
  month        = {August},
  day          = {19},
  howpublished = {\url{https://zlib.net/crc_v3.txt}},
  note         = {[Online; accessed 2020-12-07]},
}